%     $Id: l4R4x00.bib,v 1.3 1998/06/04 09:04:38 gernot Exp $
%     Copyright (C) 1997, 1998 Kevin Elphinstone
%
%     This file is part of the L4/MIPS micro-kernel distribution.
%
%     This program is free software; you can redistribute it and/or
%     modify it under the terms of the GNU General Public License
%     as published by the Free Software Foundation; either version 2
%     of the License, or (at your option) any later version.
%     
%     This program is distributed in the hope that it will be useful,
%     but WITHOUT ANY WARRANTY; without even the implied warranty of
%     MERCHANTABILITY or FITNESS FOR A PARTICULAR PURPOSE.  See the
%     GNU General Public License for more details.
%     
%     You should have received a copy of the GNU General Public License
%     along with this program; if not, write to the Free Software
%     Foundation, Inc., 675 Mass Ave, Cambridge, MA 02139, USA.
     



@InProceedings{cao:file-caching,
  author = 	 {P. Cao and E. W. Felton and K. Li},
  title = 	 {Implementation and performance of application-controlled file caching},
  booktitle = 	 {1st {USENIX} Symposium on Operating Systems Design and
                  Implementation ({OSDI})},
  year =	 1994,
  address =	 {Monterey, CA},
  pages =	 {165-178}
}

@InProceedings{gasser:secarch,
  author = 	 {M. Gasser and A. Goldstein and C. Kaufmann and
                  B. Lampson},
  title = 	 {The {D}igital distributed system security architecture},
  booktitle = 	 {12th National Computer Security Conference ({NIST/NCSC})},
  year =	 1989,
  address =	 {Baltimore},
  pages =	 {305--319}
}


@Article{haertig:birlixsec,
  author = 	 {H. {H\"{a}rtig} and O. Kowalski and W. {K\"{u}hnhauser}} ,
  title = 	 {The {Birlix} security architecture},
  journal = 	 {Journal of Computer Security},
  year = 	 1993,
  volume =	 2,
  number =	 1,
  pages =	 {5--21}
}

@Article{kessler:page-placement,
  author = 	 {R. Kessler and M. D. Hill},
  title = 	 {Page placement algorithms for large real-indexed caches},
  journal = 	 {ACM Transactions on Computer Systems},
  year = 	 1992,
  volume =	 10,
  number =	 4,
  month =	 nov,
  pages =	 {11-22}
}

@InProceedings{khalidi:extfiles,
  author = 	 {Y. A. Khalidi and M. N. Nelson},
  title = 	 {Extensible file systems in {S}pring},
  booktitle = 	 {14th ACM Symposium on Operating System Principles (SOSP)},
  year =	 1993,
  address =	 {Asheville, NC},
  pages =	 {1--14}
}

@InProceedings{lee:HiPEC,
  author = 	 {C. H. Lee and M. C. Chen and R. C. Chang},
  title = 	 {{HiPEC}: high performance external virtual memory caching},
  booktitle = 	 {1st {USENIX} Symposium on Operating Systems Design and
                  Implementation ({OSDI})},
  year =	 1994,
  address =	 {Monterey, CA},
  pages =	 {153--164}
}

@InProceedings{clans,
  author = 	 {J. Liedtke},
  title = 	 {Clans \& chiefs},
  booktitle = 	 {12. GI/ITG-Fachtagung Architektur von Rechensystemen},
  publisher =	 {Springer},
  year =	 1992,
  address =	 {Kiel},
  pages =	 {294--305}
}

@InProceedings{persistent,
  author = 	 {J. Liedtke},
  title = 	 {A persistent system in real use -- experiences of the
                  first 13 years},
  booktitle = 	 {3rd International Workshop on Object Orientation in
                  Operating Systems (IWOOOS)},
  year =	 1993,
  address =	 {Asheville, NC},
  pages =	 {2--11}
}

@InProceedings{sosp,
  author = 	 {J. Liedtke},
  title = 	 {Improving {IPC} by kernel design},
  booktitle = 	 {14th ACM Symposium on Operating System Principles (SOSP)},
  year =	 1993,
  address =	 {Asheville, NC},
  pages =	 {175-188}
}

@InProceedings{sosp2,
  author = 	 {J. Liedtke},
  title = 	 {On {$\mu$}-kernel construction},
  booktitle = 	 {15th ACM Symposium on Operating System Principles (SOSP)},
  year =	 1995,
  address =	 {Copper Mountain Resort, CO},
  pages =	 {237-250}
}

@InProceedings{romer:dynmap,
  author = 	 {T. H. Romer and D. L. Lee and B. N. Bershad and B. Chen},
  title = 	 {Dynamic page mapping policies for cache conflict
                  resolution on standard hardware},
  booktitle = 	 {1st {USENIX} Symposium on Operating Systems Design and
                  Implementation ({OSDI})},
  year =	 1994,
  address =	 {Monterey, CA},
  pages =	 {153--164}
}

@Manual{r4ref,
  title = 	 {{IDT79R4600} and {IDT79R4700} {RISC} Processor
                  Hardware User's Manual, Rev 2.0},
  organization = {Integrated Device Technology},
  year =	 1995,
  month =	 apr
}

